@online{koutyk,
	author		= {Kocaeli Üniversitesi {Fen Bilimleri Enstitüsü}},
	title		= {Tez Yazım Kılavuzu},
	address 	= {},
	url			= {http://fbe.kocaeli.edu.tr/tyk2021/tyk2021.pdf},
	year		= {2021},
	eventdate	= {2022-02-06}
}

@article {MGK-SIO, 
	journal = {Avrupa Bilim ve Teknoloji Dergisi}, 
	year = {2021}, 
	volume = {}, 
	doi = {10.31590/ejosat.1008702}, 
	title = {Setting Reward Function of Sensor Based DDQN Model}, 
	author = {Mehmet Gökçay Kabataş and Sevinç İlhan Omurca },
	author+an = "1=highlight",
}

@article{tekyazarArticle,
	author    = {Yazar, A},
	title     = {Yayın Adı},
	journal   = {Dergi Adı},
	volume    = {Dergi Sayı Numarası},
	year      = {2022},
	url       = {http://a.com},
	pages     = {10-20}
}

@article{tekyazarArticle2,
	author    = {Yazar2, A},
	title     = {Yayın Adı2},
	journal   = {Dergi Adı2},
	volume    = {Dergi Sayı Numarası2},
	year      = {20222},
	url       = {http2},
	pages     = {10-202}
}

@article{ikiyazarArticle,
	author    = {AAAAA YazarA and BBBBB YazarB},
	title     = {Yayın Adı},
	journal   = {Dergi Adı},
	volume    = {Dergi Sayı Numarası},
	year      = {2022},
	url       = {http},
	pages     = {10-20}
}

@article{ikiyazarArticle2,
	author    = {Yazar2A AAAAAA and Yazar2B BBBBBB},
	title     = {Yayın Adı2},
	journal   = {Dergi Adı2},
	volume    = {Dergi Sayı Numarası2},
	year      = {20222},
	url       = {http2},
	pages     = {10-202},
	doi		  = {DDDIIUU}
}

@article{ucyazarArticle,
	author    = {W Wechsatol and S Lorente and A Bejan},
	title     = {Tree-Shaped Insulated Design for Uniform Distribution of Hot Water Over an Area},
	journal   = {Int. J. Heat Mass Transfer},
	volume    = {44},
	number    = 16,
	year      = {2001},
	pages     = {3111-3123}
}

@article{ucyazarArticle2,
	author    = {Wechsatol W and Lorente W and Bejan A},
	title     = {Yayın Adı},
	journal   = {Dergi Adı},
	volume    = {Dergi Cilt Numarası},
	number    = {Dergi Sayı Numarası},
	year      = {20222},
	pages     = {10-202},
	doi		  = {10.1002/er.907}
}

@book{book,
	author    = {J W Tester and M Modell}, 
	title     = {Thermodynamics and Its Applications},
	publisher = {Prentice Hall},
	year      = 1997,
	address   = {New Jersey},
	edition   = 3,
}

@inbook{inbook,
	author       = {G A Burton and D L Denton}, 
	editor       = {D J Hoffman and B A Rattner and G A Burton},
	title 	     = {Sediment Toxicity Testing},
	booktitle    = {Handbook of Ecotoxicology},
	pages        = {111-151},
	publisher    = {CRC Press},
	year         = 2003,
	address      = {New York},
	edition      = 2,
}

@inproceeding{inproceeding,
	author 		= {A Bilgin and A Mendi and Ç Yağcı},
	title       = {Esnek Gruplar İçeren Polimerik Ftalosiyaninlerin Sentezi ve Karakterizasyonu},
	year		= 2006,
	eventdate   = {2006-08-24/2006-08-25},
	address     = {Kayseri, Türkiye},
	organization = {VI. Kimya Kongresi}
}

@thesis{mastersthesis,
	author       = {M Ünlü}, 
	title        = {Anahtarlı Relüktans Makinasının Modellenmesi ve Dinamik	Davranışı},
	school       = {Kocaeli Üniversitesi},
	year         = 2006,
	address      = {Kocaeli},
	type		 = {Yüksek Lisans Tezi},
	institution  = {Fen Bilimleri Enstitüsü}
}

@thesis{phdthesis,
	author       = {M Ünlü2}, 
	title        = {Anahtarlı Relüktans Makinasının Modellenmesi ve Dinamik	Davranışı},
	school       = {Kocaeli Üniversitesi},
	year         = 2006,
	type		 = {Doktora Tezi},
	address      = {Kocaeli},
	institution  = {Fen Bilimleri Enstitüsü},
	number		= {1231287321}
}

@report{report,
	author 		= {R W Werner and O H Krikorin},
	title 		= {Synfuels from Fusion Using The Tandem Mirror Reactor and a Thermochemical Cycle to Produce Hydrogen},
	institution  = {Livermore National Laboratory},
	year         = 1982,
	number       = {UCID-19311},
	pages		 = {120-150}
}

@online{online,
	author		= {R A Day},
	title		= {Bilimsel Bir Makale Nasıl Yazılır ve Yayımlanır},
	address 	= {Çeviri: Gülay Aşkar Altay, Tubitak},
	url			= {http://journals.tubitak.gov.tr/kitap/maknasyaz/},
	year		= {2012},
	eventdate	= {2012-04-10}
}

@online{online2,
	author		= {R A Day2},
	title		= {Bilimsel Bir Makale Nasıl Yazılır ve Yayımlanır},
	address 	= {Çeviri: Gülay Aşkar Altay, Tubitak},
	url			= {http://journals.tubitak.gov.tr/kitap/maknasyaz/},
	year		= {2012},
	eventdate	= {}
}

@online{online3,
	url			= {http://journals.tubitak.gov.tr/kitap/maknasyaz/3},
	eventdate	= {},
	key			= {}
}

@online{online4,
	url			= {http://journals.tubitak.gov.tr/kitap/maknasyaz/4},
	eventdate	= {}
}
@online{online5,
	url			= {http://journals.tubitak.gov.tr/kitap/maknasyaz/5},
	eventdate	= {}
}
@online{online6,
	url			= {http://journals.tubitak.gov.tr/kitap/maknasyaz/6},
	eventdate	= {}
}

@patent{patent,
	author       = {K H Kavur},
	title        = {Heart Flowerpot},
	year		 = {2006},
	number       = {U.S. Patent No. D518,755.},
	holder       = {{U.S. Patent and Trademark Office}}	
}

@misc{standard,
	author		= {{Türk Standartları Enstitüsü}},
	year		= {1976},
	title		= {Odunun Statik Eğilmede Elastikiyet Modülün Tayini},
	number 		= {TS 2478},
	address     = {Ankara}
}

@manual{manual,
	publisher   = {{ÇŞB (T.C. Çevre ve Şehircilik Bakanlığı)}},
	title 		= {Bina Yalıtım Yönetmeliği},
	year		= {2008},
	address		= {T.C Resmi Gazete},
	number		= {27019, 9 Ekim 2008},	
}
