@article {MGK-SIO, 
	journal = {Avrupa Bilim ve Teknoloji Dergisi}, 
	year = {2021}, 
	volume = {}, 
	doi = {10.31590/ejosat.1008702}, 
	title = {Setting Reward Function of Sensor Based DDQN Model}, 
	author = {Mehmet Gökçay Kabataş and Sevinç İlhan Omurca },
	author+an = "1=highlight",
}